<record xmlns="http://www.loc.gov/MARC21/slim" xmlns:xsi="http://www.w3.org/2001/XMLSchema-instance" xsi:schemaLocation="http://www.loc.gov/MARC21/slim http://www.loc.gov/standards/marcxml/schema/MARC21slim.xsd"><leader>     nam a22        4500</leader><controlfield tag="001">001677370</controlfield><controlfield tag="003">NNU</controlfield><controlfield tag="006">m        d        </controlfield><controlfield tag="007">cr cn |||m|||a</controlfield><controlfield tag="008">150313s1969    iq c    ob    000 0 arar </controlfield><datafield ind1=" " ind2=" " tag="040"><subfield code="a">NNU</subfield><subfield code="b">eng</subfield><subfield code="c">NNU</subfield></datafield><datafield ind1="0" ind2=" " tag="050"><subfield code="a">BP193.13</subfield><subfield code="b">.S5 1969</subfield></datafield><datafield ind1="1" ind2=" " tag="100"><subfield code="a">Shahrast&#257;n&#299;, Hibat al-D&#299;n Mu&#7717;ammad.</subfield></datafield><datafield ind1="1" ind2="0" tag="245"><subfield code="a">Nah&#7693;at al-&#7716;usayn</subfield><subfield code="h">[electronic resource] /</subfield><subfield code="c">bi-qalam al-Sayyid Hibat al-D&#299;n al-&#7716;usayn&#299; al-Shahrastani.</subfield></datafield><datafield ind1=" " ind2=" " tag="250"><subfield code="a">[al-&#7788;ab&#699;ah 5., &#7717;awt kaffat al-fu&#7779;&#363;l al-mu&#7693;&#257;fah wa-al-muqaddim&#257;t, ma&#699;a tarjamat al-mu&#700;allif]</subfield></datafield><datafield ind1=" " ind2=" " tag="260"><subfield code="a">Karbal&#257;&#700;,</subfield><subfield code="b">R&#257;bi&#7789;at al-Nashr al-Isl&#257;m&#299;,</subfield><subfield code="c">1969.</subfield></datafield><datafield ind1=" " ind2=" " tag="300"><subfield code="a">online resource (176 p.) :</subfield><subfield code="b">port.</subfield></datafield><datafield ind1=" " ind2=" " tag="500"><subfield code="a">Cover title: Nahdat al Hossian, by Siad Hibatadilv [sic] al-Shiaristani.</subfield></datafield><datafield ind1=" " ind2=" " tag="500"><subfield code="a">Part of the Arabic Collections Online (ACO) project, contributed by New York Univeristy Libraries.</subfield></datafield><datafield ind1=" " ind2=" " tag="504"><subfield code="a">Includes bibliographical references.</subfield></datafield><datafield ind1=" " ind2=" " tag="533"><subfield code="a">Electronic reproduction.</subfield><subfield code="b">New York, N.Y. :</subfield><subfield code="c">New York University,</subfield><subfield code="d">2015.</subfield><subfield code="5">NNU</subfield></datafield><datafield ind1="0" ind2="0" tag="600"><subfield code="a">&#7716;usayn ibn &#699;Al&#299;,</subfield><subfield code="d">d. 680.</subfield></datafield><datafield ind1="2" ind2=" " tag="710"><subfield code="a">New York University.</subfield><subfield code="b">Libraries.</subfield></datafield><datafield ind1="0" ind2=" " tag="730"><subfield code="a">Arabic Collections Online.</subfield></datafield><datafield ind1="0" ind2="8" tag="776"><subfield code="i">Print version:</subfield><subfield code="a">Shahrast&#257;n&#299;, Hibat al-D&#299;n Mu&#7717;ammad.</subfield><subfield code="t">Nah&#7693;at al-&#7716;usayn</subfield><subfield code="w">(NNU)001677370</subfield><subfield code="w">(DLC)70962254 /NE</subfield></datafield><datafield ind1="4" ind2="0" tag="856"><subfield code="u">http://hdl.handle.net/2333.1/cz8w9jwv</subfield></datafield><datafield ind1=" " ind2=" " tag="959"><subfield code="a">NNU</subfield><subfield code="b">WEB</subfield><subfield code="c">GENI</subfield><subfield code="t">0</subfield><subfield code="m">Electronic access</subfield><subfield code="s">01</subfield></datafield><datafield ind1=" " ind2=" " tag="999"><subfield code="i">NNU_001677370</subfield><subfield code="s">nyu_aco000630</subfield><subfield code="e">(ERROR-880)</subfield></datafield></record>